<?xml version="1.0" encoding="UTF-8"?><collection xmlns="http://www.loc.gov/MARC21/slim"><record><leader>00328nam--2200121-i-4500</leader><controlfield tag="001">000005578</controlfield><controlfield tag="002">20161230</controlfield><controlfield tag="005">20161230201026</controlfield><controlfield tag="008">060222s1000------------r-----000-0-eng-d</controlfield><datafield ind1=" " ind2=" " tag="245"><subfield code="a">Auktomatic control and computer engineering</subfield></datafield><datafield ind1=" " ind2=" " tag="260"><subfield code="a">New York, Pergamon Press,1961-1963 Viii + 502 P</subfield></datafield><datafield ind1=" " ind2=" " tag="700"><subfield code="a">V.V.Solodovnikov</subfield></datafield><datafield ind1=" " ind2=" " tag="852"><subfield code="a">16572</subfield></datafield></record></collection>